<?xml version="1.0" encoding="UTF-8"?>
<collection xmlns:xsi="http://www.w3.org/2001/XMLSchema-instance" xsi:schemaLocation="http://www.loc.gov/MARC21/slim http://www.loc.gov/standards/marcxml/schema/MARC21slim.xsd" xmlns="http://www.loc.gov/MARC21/slim">
<record>
  <leader>00827cam a22002051  4500</leader>
  <controlfield tag="001">2686031</controlfield>
  <controlfield tag="003">NNC</controlfield>
  <controlfield tag="005">20150920222900.0</controlfield>
  <controlfield tag="008">000927s1954    ua a          000 0 ara d</controlfield>
  <datafield tag="035" ind1=" " ind2=" ">
    <subfield code="a">(OCoLC)ocm45085792</subfield>
  </datafield>
  <datafield tag="035" ind1=" " ind2=" ">
    <subfield code="9">ARD5643CU</subfield>
  </datafield>
  <datafield tag="035" ind1=" " ind2=" ">
    <subfield code="a">(NNC)2686031</subfield>
  </datafield>
  <datafield tag="040" ind1=" " ind2=" ">
    <subfield code="a">ZCU</subfield>
    <subfield code="c">ZCU</subfield>
  </datafield>
  <datafield tag="099" ind1=" " ind2=" ">
    <subfield code="a">962</subfield>
    <subfield code="a">Eg986</subfield>
  </datafield>
  <datafield tag="110" ind1="1" ind2=" ">
    <subfield code="a">Egypt.</subfield>
    <subfield code="t">Laws, etc.</subfield>
  </datafield>
  <datafield tag="245" ind1="1" ind2="0">
    <subfield code="a">Qānūn al-islāh al-zirāʻī,</subfield>
    <subfield code="b">min Sebtambir sanat 1952 ḥattá Māris sanat 1954.</subfield>
    <subfield code="c">(Nuṣuṣ al-mawādd wa al-tafsīrāt al-tashrīʻīyah. al-Lāʾihah al-tanfīdhīyah li-Qānūn al-iṣlāḥ al-zirāʻī)</subfield>
  </datafield>
  <datafield tag="260" ind1=" " ind2=" ">
    <subfield code="a">[al-Qāhirah,</subfield>
    <subfield code="b">al-Lajnah al-ʻUlyā lil-Iṣlāḥ al-Zirāʻī, Murāqabat al-Ṣiḥāfah wa al-Irshād,</subfield>
    <subfield code="c">1954]</subfield>
  </datafield>
  <datafield tag="300" ind1=" " ind2=" ">
    <subfield code="a">144 p.</subfield>
    <subfield code="b">tables.</subfield>
  </datafield>
  <datafield tag="500" ind1=" " ind2=" ">
    <subfield code="a">At head of title: Jumhūrīyat Miṣr.</subfield>
  </datafield>
  <datafield tag="955" ind1=" " ind2=" ">
    <subfield code="b">0026812290</subfield>
    <subfield code="d">glx</subfield>
    <subfield code="e">962 Eg986</subfield>
  </datafield>
</record>
</collection>